<record><leader>00000cas a2200000 a 4500</leader><controlfield tag="001">50668325</controlfield><controlfield tag="008">020925u18uuuuuumiucr n       0    0eng c</controlfield><datafield ind1=" " ind2=" " tag="010"><subfield code="a">sn2002062249</subfield></datafield><datafield ind1=" " ind2=" " tag="040"><subfield code="a">MHN</subfield><subfield code="b">eng</subfield><subfield code="c">MHN</subfield><subfield code="d">OCLCQ</subfield><subfield code="d">OCLCF</subfield><subfield code="d">OCLCO</subfield></datafield><datafield ind1="1" ind2=" " tag="029"><subfield code="a">AU@</subfield><subfield code="b">000024129723</subfield></datafield><datafield ind1=" " ind2=" " tag="042"><subfield code="a">pcc</subfield></datafield><datafield ind1=" " ind2=" " tag="043"><subfield code="a">n-us-mi</subfield></datafield><datafield ind1="0" ind2="0" tag="245"><subfield code="a">Union City semi-weekly register.</subfield></datafield><datafield ind1="3" ind2="0" tag="246"><subfield code="a">Union City semiweekly register</subfield></datafield><datafield ind1=" " ind2=" " tag="260"><subfield code="a">Union City, Mich. :</subfield><subfield code="b">Major D.J. Eaton</subfield></datafield><datafield ind1=" " ind2=" " tag="300"><subfield code="a">v.</subfield></datafield><datafield ind1=" " ind2=" " tag="310"><subfield code="a">Semiweekly</subfield></datafield><datafield ind1=" " ind2=" " tag="588"><subfield code="a">Description based on: Vol. 6, no. 52 (Aug. 25, 1875).</subfield></datafield><datafield ind1=" " ind2="0" tag="651"><subfield code="a">Union City (Mich.)</subfield><subfield code="v">Newspapers.</subfield></datafield><datafield ind1=" " ind2="0" tag="651"><subfield code="a">Branch County (Mich.)</subfield><subfield code="v">Newspapers.</subfield></datafield><datafield ind1=" " ind2="7" tag="655"><subfield code="a">Newspapers.</subfield><subfield code="2">fast</subfield><subfield code="0">(OCoLC)fst01423814</subfield></datafield><datafield ind1=" " ind2="7" tag="651"><subfield code="a">Michigan</subfield><subfield code="z">Branch County.</subfield><subfield code="2">fast</subfield><subfield code="0">(OCoLC)fst01214762</subfield></datafield><datafield ind1=" " ind2="7" tag="651"><subfield code="a">Michigan</subfield><subfield code="z">Union City.</subfield><subfield code="2">fast</subfield><subfield code="0">(OCoLC)fst01217102</subfield></datafield><datafield ind1=" " ind2=" " tag="752"><subfield code="a">United States</subfield><subfield code="b">Michigan</subfield><subfield code="c">Branch</subfield><subfield code="d">Union City.</subfield></datafield><datafield ind1="0" ind2=" " tag="775"><subfield code="t">Union City register</subfield><subfield code="w">(DLC)sn 85026589</subfield><subfield code="w">(OCoLC)12288913</subfield></datafield></record>